<record><leader>00000cas a22000007a 4500</leader><controlfield tag="001">41189437</controlfield><controlfield tag="008">990417d19751976tnuwr ne      0    0eng d</controlfield><datafield ind1=" " ind2=" " tag="010"><subfield code="a">sn 99065795 </subfield></datafield><datafield ind1=" " ind2=" " tag="040"><subfield code="a">TGN</subfield><subfield code="b">eng</subfield><subfield code="c">TGN</subfield><subfield code="d">OCLCF</subfield><subfield code="d">OCLCO</subfield></datafield><datafield ind1=" " ind2=" " tag="042"><subfield code="a">msc</subfield></datafield><datafield ind1="0" ind2=" " tag="130"><subfield code="a">Free press (Rogersville, Tenn. : 1975)</subfield></datafield><datafield ind1="0" ind2="0" tag="245"><subfield code="a">Free press.</subfield></datafield><datafield ind1=" " ind2=" " tag="260"><subfield code="a">Rogersville, [Tenn. :</subfield><subfield code="b">Bill Shirley]</subfield><subfield code="c">1975-1976.</subfield></datafield><datafield ind1=" " ind2=" " tag="300"><subfield code="a">v.</subfield></datafield><datafield ind1=" " ind2=" " tag="310"><subfield code="a">Weekly,</subfield><subfield code="b">&lt;Jan 7&gt;-Aug. 11, 1976</subfield></datafield><datafield ind1=" " ind2=" " tag="321"><subfield code="a">Semiweekly,</subfield><subfield code="b">Sept. 11-&lt;Dec. 31, 1975&gt;</subfield></datafield><datafield ind1="0" ind2=" " tag="362"><subfield code="a">Vol. 1, no. 1 (Sept. 11, 1975)-v. 1 no. 60 (Aug. 11, 1976).</subfield></datafield><datafield ind1=" " ind2=" " tag="500"><subfield code="a">Publisher: Bill Shirley, &lt;Oct. 31&gt;, 1975-Aug. 11, 1976.</subfield></datafield><datafield ind1=" " ind2="0" tag="651"><subfield code="a">Rogersville (Tenn.)</subfield><subfield code="v">Newspapers.</subfield></datafield><datafield ind1=" " ind2="0" tag="651"><subfield code="a">Hawkins County (Tenn.)</subfield><subfield code="v">Newspapers.</subfield></datafield><datafield ind1=" " ind2="7" tag="655"><subfield code="a">Newspapers.</subfield><subfield code="2">fast</subfield><subfield code="0">(OCoLC)fst01423814</subfield></datafield><datafield ind1=" " ind2="7" tag="651"><subfield code="a">Tennessee</subfield><subfield code="z">Hawkins County.</subfield><subfield code="2">fast</subfield><subfield code="0">(OCoLC)fst01215417</subfield></datafield><datafield ind1=" " ind2="7" tag="651"><subfield code="a">Tennessee</subfield><subfield code="z">Rogersville.</subfield><subfield code="2">fast</subfield><subfield code="0">(OCoLC)fst01224282</subfield></datafield><datafield ind1=" " ind2=" " tag="752"><subfield code="a">United States</subfield><subfield code="b">Tennessee</subfield><subfield code="c">Hawkins</subfield><subfield code="d">Rogersville.</subfield></datafield><datafield ind1="0" ind2="0" tag="785"><subfield code="t">Rogersville, Hawkins County free press</subfield><subfield code="w">(DLC)sn 99065796</subfield></datafield></record>